% You don't have to leave blank fields, but it doesn't hurt.
% We've left them here to show you what you can enter.

@article{ref1,
  author =  {OFCOM},
  title =   {Digital Dividend: Cognitive Access Consultation on Licence-exempting Cognitive Devices using Interleaved Spectrum},
  journal = {http://www.ofcom.org.uk/consult/condocs/cognitive/cognitive.pdf},
  year =    {2009},
  volume =  {},
  pages =   {},
}

@article{ref2,
  author =  {S. Haykin},
  title =   {CR: Brain-Empowered Wireless Communications},
  journal = {IEEE Journal on Selected Areas In Communications},
  year =    {2005},
  volume =  {23},
  issue={2},
  pages =   {201-220},
}



@article{ref3, title={Cognitive Radio An Integrated Agent Architecture for Software Defined Radio Dissertation}, volume={294}, url={http://www.ncbi.nlm.nih.gov/pubmed/20007053}, number={3}, journal={Scientific American}, author={III, Joseph Mitola}, year={2000}, pages={66--73}}

@inproceedings{ref4,
 author = {Yoon, Myung Keun and Lee, Ki Hwan and Song, Ju Bin},
 title = {Performance analysis of distributed cooperative spectrum sensing for underlay cognitive radio},
 booktitle = {Proceedings of the 11th international conference on Advanced Communication Technology - Volume 1},
 series = {ICACT'09},
 year = {2009},
 isbn = {978-8-9551-9138-7},
 location = {Gangwon-Do, South Korea},
 pages = {338--343},
 numpages = {6},
 url = {http://dl.acm.org/citation.cfm?id=1701955.1702019},
 acmid = {1702019},
 publisher = {IEEE Press},
 address = {Piscataway, NJ, USA},
 keywords = {detection probability of cooperative spectrum sensing, interference temperature model, performance of multiple access secondary users for underlay, underlay cognitive radio},
}

@book{ref5,
  author =    {},
  editor =    {},
  title =     {Regulatory Framework for Radio Spectrum Policy in the European Community},
  publisher = {EUROPA},
  year =      {1990},
  volume =    {},
  number =    {},
  series =    {},
  address =   {http://europa.eu},
  edition =   {},
  month =     {},
}

@article{ref6,
  author    = {Jillian Cannons and
               Randall Dougherty and
               Christopher F. Freiling and
               Kenneth Zeger},
  title     = {Network routing capacity},
  journal   = {IEEE Transactions on Information Theory},
  volume    = {52},
  number    = {3},
  year      = {2006},
  pages     = {777-788},
  ee        = {http://dx.doi.org/10.1109/TIT.2005.864474},
  bibsource = {DBLP, http://dblp.uni-trier.de}
}

@article{ref7,
  author    = {Shuhui Yang and
               Jie Wu},
  title     = {Efficient Broadcasting Using Network Coding and Directional
               Antennas in MANETs},
  journal   = {IEEE Trans. Parallel Distrib. Syst.},
  volume    = {21},
  number    = {2},
  year      = {2010},
  pages     = {148-161},
  ee        = {http://doi.ieeecomputersociety.org/10.1109/TPDS.2009.44},
  bibsource = {DBLP, http://dblp.uni-trier.de}
}

@article{ref8, title={Efficient Broadcasting Using Network Coding}, volume={16}, url={http://ieeexplore.ieee.org/lpdocs/epic03/wrapper.htm?arnumber=4459059}, number={2}, journal={IEEE/ACM Transactions on Networking}, author={Fragouli, C and Widmer, J and Le Boudec, J Y}, year={2008}, pages={450--463}}

@article{ref9, title={NeXt generation/dynamic spectrum access/cognitive radio wireless networks: A survey}, volume={50}, url={http://linkinghub.elsevier.com/retrieve/pii/S1389128606001009}, number={13}, journal={Computer Networks}, publisher={Elsevier}, author={Akyildiz, I and Lee, W and Vuran, M and Mohanty, S}, year={2006}, pages={2127--2159}}

@article{ref10,
 author = {Ma, Yanbo and Zhang, Haixia and Yuan, Dongfeng and Chen, Hsiao-Hwa},
 title = {Adaptive power allocation with quality-of-service guarantee in cognitive radio networks},
 journal = {Comput. Commun.},
 volume = {32},
 issue = {18},
 month = {December},
 year = {2009},
 issn = {0140-3664},
 pages = {1975--1982},
 numpages = {8},
 url = {http://dl.acm.org/citation.cfm?id=1645451.1645736},
 doi = {10.1016/j.comcom.2009.06.012},
 acmid = {1645736},
 publisher = {Butterworth-Heinemann},
 address = {Newton, MA, USA},
 keywords = {Cognitive radio, Convex optimization, Power allocation, QoS, Spectrum sharing},
}

@article{ref11,
  author    = {Dong Li and
               Xianhua Dai and
               Han Zhang},
  title     = {Game Theoretic Analysis of Joint Rate and Power Allocation
               in Cognitive Radio Networks},
  journal   = {IJCNS},
  volume    = {2},
  number    = {1},
  year      = {2009},
  pages     = {1-7},
  ee        = {http://dx.doi.org/10.4236/ijcns.2009.21001},
  bibsource = {DBLP, http://dblp.uni-trier.de}
}

@article{ref12,
  author    = {M. Shamim Kaiser and
               Kazi Mohiuddin Ahmed},
  title     = {Radio Resource Allocation for Heterogeneous Services in
               Relay Enhanced OFDMA Systems},
  journal   = {JCM},
  volume    = {5},
  number    = {6},
  year      = {2010},
  pages     = {447-454},
  ee        = {http://dx.doi.org/10.4304/jcm.5.6.447-454},
  bibsource = {DBLP, http://dblp.uni-trier.de}
}

@inproceedings{ref13,
  author    = {M. Shamim Kaiser and
               Kazi M. Ahmed and
               Raza Ali Shah},
  title     = {Power allocation in OFDM-based cognitive relay networks},
  booktitle = {WCNIS},
  year      = {2010},
  pages     = {202-206},
  ee        = {http://dx.doi.org/10.1109/WCINS.2010.5541734},
  crossref  = {DBLP:conf/wcnis/2010},
  bibsource = {DBLP, http://dblp.uni-trier.de}
}
